\begin{filecontents}{\refs.bib}
@book{ Mario-deJesus,
      author = "Mario de Jes'us P'erez Jim'enez",
      title = "Computaci'on molecular sin memoria basada en ADN",
      year = "2001"}
\end{filecontents}
